<record><leader>00000cas a2200000 a 4500</leader><controlfield tag="001">19249595</controlfield><controlfield tag="008">890222c19399999tnudn ne      0    0eng d</controlfield><datafield ind1=" " ind2=" " tag="010"><subfield code="a">sn 89058365 </subfield></datafield><datafield ind1=" " ind2=" " tag="040"><subfield code="a">KNP</subfield><subfield code="b">eng</subfield><subfield code="c">KNP</subfield><subfield code="d">TGN</subfield><subfield code="d">NVJ</subfield><subfield code="d">TGN</subfield><subfield code="d">OCL</subfield><subfield code="d">OCLCQ</subfield><subfield code="d">OCLCF</subfield><subfield code="d">OCLCO</subfield></datafield><datafield ind1=" " ind2=" " tag="042"><subfield code="a">msc</subfield></datafield><datafield ind1=" " ind2=" " tag="043"><subfield code="a">n-us-tn</subfield></datafield><datafield ind1="0" ind2=" " tag="130"><subfield code="a">Daily post-Athenian (Athens, Tenn. : 1939)</subfield></datafield><datafield ind1="1" ind2="0" tag="245"><subfield code="a">Daily post-Athenian.</subfield></datafield><datafield ind1="3" ind2="0" tag="246"><subfield code="a">Post-Athenian</subfield></datafield><datafield ind1=" " ind2=" " tag="260"><subfield code="a">Athens, Tenn. :</subfield><subfield code="b">Post-Athenian Co.,</subfield><subfield code="c">1939-</subfield></datafield><datafield ind1=" " ind2=" " tag="300"><subfield code="a">v.</subfield></datafield><datafield ind1=" " ind2=" " tag="310"><subfield code="a">Daily (except Sat. &amp; Sun.)</subfield></datafield><datafield ind1="0" ind2=" " tag="362"><subfield code="a">Daily v. 9, no. 131 (Sept. 18, 1939)-daily v. 10, no. 260 (Mar. 15, 1940) ; v. 10, no. 1 (Mar. 18, 1940)-</subfield></datafield><datafield ind1=" " ind2=" " tag="515"><subfield code="a">Sept. 18, 1939-Mar. 15, 1940 also designated as: weekly v. 90.</subfield></datafield><datafield ind1=" " ind2="0" tag="651"><subfield code="a">Athens (Tenn.)</subfield><subfield code="v">Newspapers.</subfield></datafield><datafield ind1=" " ind2="0" tag="651"><subfield code="a">McMinn County (Tenn.)</subfield><subfield code="v">Newspapers.</subfield></datafield><datafield ind1=" " ind2="7" tag="655"><subfield code="a">Newspapers.</subfield><subfield code="2">fast</subfield><subfield code="0">(OCoLC)fst01423814</subfield></datafield><datafield ind1=" " ind2="7" tag="651"><subfield code="a">Tennessee</subfield><subfield code="z">Athens.</subfield><subfield code="2">fast</subfield><subfield code="0">(OCoLC)fst01212340</subfield></datafield><datafield ind1=" " ind2="7" tag="651"><subfield code="a">Tennessee</subfield><subfield code="z">McMinn County.</subfield><subfield code="2">fast</subfield><subfield code="0">(OCoLC)fst01215723</subfield></datafield><datafield ind1=" " ind2=" " tag="752"><subfield code="a">United States</subfield><subfield code="b">Tennessee</subfield><subfield code="c">McMinn</subfield><subfield code="d">Athens.</subfield></datafield><datafield ind1="0" ind2="0" tag="780"><subfield code="t">Daily post-Athenian and weekly post-Athenian</subfield><subfield code="w">(DLC)sn 99065877</subfield></datafield><datafield ind1="0" ind2="5" tag="780"><subfield code="t">Etowah enterprise</subfield><subfield code="g">May 30, 1991</subfield><subfield code="w">(DLC)sn 89058080</subfield></datafield></record>